2307 3788
246 210 751 306 Brurzchiostegi.
1328 213 1684 308 Ostracion.
1829 239 1966 315 475

272 378 538 458 Squamae
595 376 928 456 hexagonae
968 374 1272 438 radiantur
1324 373 1482 457 quafi
1513 398 1623 460 per
1657 380 1962 448 tubercula

272 470 518 542 exigua,
586 457 620 521 ὲ
654 475 866 521 centro
901 461 1223 542 paullulum
1256 467 1589 523 eminentes
1622 464 1683 525 St
1716 464 1856 527 duas
1891 467 1962 529 li-

269 545 477 606 neolas
504 563 609 626 per
627 542 890 603 medium
915 542 1274 606 transverstis
1298 543 1537 608 habent.

270 628 561 690 In-multis
583 631 877 688 convenit
903 648 1038 688 cum
1061 629 1179 688 N0.
1203 645 1257 706 7.
1282 627 1341 688 &
1366 625 1524 689 forte
1555 632 1761 691 minor
1791 631 1958 712 natu,

269 711 533 787 ejusdem
560 705 808 792 speciei?
850 709 1172 772 admodum
1197 716 1459 789 exiguus
1485 709 1584 774 est.

263 795 525 857 Dorium
553 808 812 871 acutum,
858 791 1179 856 admodum
1204 792 1533 874 gibbosum.
1621 796 1849 859 Venter
1876 796 1961 861 la-

269 877 536 940 tiliimus.

267 960 589 1045 Supercilia
612 958 794 1022 elata:
842 957 1088 1021 maculae
1120 978 1154 1020 2
1180 979 1411 1040 magnae
1435 963 1730 1041 uti-Inque.

266 1047 454 1108 Pinna
482 1043 801 1107 Pedioralis
837 1041 1224 1106 officulorum
1250 1061 1330 1106 12.
1375 1039 1557 1105 Dorsi
1580 1063 1666 1108 ro.
1709 1044 1839 1109 Ani
1872 1058 1959 1113 10.

267 1129 472 1193 Cauda
494 1146 581 1191 ιο.

264 1213 447 1292 Apud
475 1213 608 1271 Dm.
645 1212 852 1274 Sebam
877 1210 1020 1274 Vidi.
1063 1214 1161 1290 (i)

95 1315 185 1360 10.
244 1293 742 1359 OSTRACION
782 1298 1116 1374 tringulus;
1178 1299 1451 1356 tuberculis
1485 1301 1692 1380 exiguis
1728 1303 1958 1359 innume-

262 1384 369 1443 ris,
411 1381 591 1435 aculeis
614 1399 809 1441 carens.
872 1378 1005 1438 Art.
1034 1381 1157 1456 Syn.
1186 1393 1266 1451 εἷς.

263 1461 432 1538 Piscis
466 1463 819 1539 triangularis
843 1482 907 1519 ex
929 1472 1040 1518 toto
1064 1466 1302 1522 cornibus
1322 1486 1518 1525 carens.
1575 1464 1763 1525 Lit‘ler.
1789 1469 1845 1522 in
1868 1486 1954 1543 ap·
1977 1482 2096 1546 pag.
2124 1471 2218 1544 58.

254 1546 412 1624 pend.
441 1545 531 1604 W
525 1546 590 1602 ill.
604 1566 666 1620 p.
692 1565 770 1603 20.
812 1547 999 1605 tau-J.
1028 1558 1091 1608 18.
1120 1548 1240 1625 Ray
1272 1567 1430 1622 p.·45,
1457 1551 1526 1607 N
1527 1560 1577 1613 0,
1596 1570 1650 1621 9.

263 1628 920 1708 Squamaehexagonae‚
975 1629 1070 1689 vel
1108 1636 1308 1711 potius
1343 1631 1680 1713 triangul-az,
1726 1634 1791 1690 in
1833 1649 1954 1690 me-

263 1714 364 1774 dio
386 1711 647 1796 paullum
676 1716 976 1789 eminent,
1002 1712 1062 1773 &
1086 1713 1406 1775 tuberculis
1428 1719 1785 1794 innumeris,
1827 1718 1955 1775 exi-

260 1801 424 1878 guiS,
466 1792 708 1856 striatim
733 1791 1019 1878 disposltis
1043 1811 1433 1860 exornantur.

261 1883 488 1940 Venter
511 1878 639 1941 satis
664 1879 811 1940 latus
838 1877 920 1940 est
944 1877 1207 1962 respectu
1234 1880 1307 1942 ad
1345 1894 1616 1944 caeteros.

261 1963 402 2024 Vidi
424 1963 692 2024 Londini
713 1968 778 2022 in
803 1963 904 2024 t'ne
925 1964 985 2023 Ν
988 1964 1282 2043 aggshead
1303 1964 1364 2026 ὅζ
1385 1964 1536 2046 apud
1563 1967 1683 2026 Mr.
1706 1963 1892 2027 Lillia.

264 2049 491 2127 Figurae
519 2045 866 2126 hexangulae
893 2046 962 2106 ad
988 2048 1274 2108 ambitum
1311 2048 1483 2109 lineis
1517 2047 1742 2127 aliquot
1773 2044 1957 2129 paral-

264 2132 394 2191 lelis
416 2129 622 2191 striatae
641 2130 700 2191 &
722 2128 1041 2190 tuberculis
1063 2135 1324 2191 minimis
1351 2137 1414 2192 in
1442 2131 1662 2195 medio.
1699 2130 1956 2192 Maeui-ae

263 2213 623 2276 albescentes
651 2211 915 2296 plurim-ce
937 2218 1001 2272 in
1027 2227 1159 2274 toto
1187 2212 1310 2274 fere
1336 2234 1616 2297 corpore,
1661 2212 1957 2298 praecipue

264 2298 338 2359 ad
362 2297 622 2359 Dorsum
652 2318 694 2361 1.
723 2317 754 2373 3
780 2296 876 2356 vel
899 2317 938 2375 4
962 2301 1026 2356 in
1050 2293 1275 2377 singula
1298 2297 1548 2378 squama.

263 2382 588 2465 Supereilia
613 2385 1031 2464 prominentia.
1071 2378 1334 2441 Dorsum
1357 2396 1596 2443 acutum
1624 2379 1957 2462 gibbosum.

259 2468 463 2527 Pinnae
492 2463 824 2526 Pectorales
861 2462 1248 2525 officulorum
1283 2485 1359 2525 12.
1398 2464 1660 2526 Dorsalis
1694 2484 1782 2527 10.
1826 2464 1958 2525 Ani

261 2566 360 2690 10.l
433 2549 638 2706 Caiiflka
671 2546 1034 2609 subrotunda
1072 2555 1442 2612 extremitate
1480 2541 1878 2612 officulorum'
1903 2559 1958 2621 8.

261 2651 336 2693 ve
400 2653 496 2693 ro.
584 2675 592 2688 ,
614 2637 653 2708 )

450 2716 774 2791 Ostraciones
807 2716 1204 2782 Tetraodontes.

1033 2804 1082 2859 O
1099 2823 1131 2858 o
1148 2824 1182 2858 ο
1229 2823 1265 2861 2
1545 2820 1611 2863 11.
1645 2794 1959 2862 OSTRA-

750 2967 1299 3022 ADDITAMENTUM.
1926 3001 1938 3014 .

267 3048 366 3122 (i)
411 3064 468 3118 9.
515 3041 820 3110 mirmion,
864 3048 1157 3114 meandum,
1182 3050 1454 3126 trigonus;
1495 3042 1652 3126 spinis
1678 3038 1960 3103 subcaudass

97 3131 229 3189 libus
255 3131 485 3199 duabus;
531 3133 686 3207 pinna
719 3124 905 3185 dorsali
933 3128 1084 3185 radiis
1121 3150 1208 3186 ιο.
1264 3131 1332 3188 L.
1364 3133 1415 3188 S.
1441 3131 1517 3187 N.
1555 3139 1691 3200 408.

261 3213 431 3277 Illius,
473 3234 632 3292 quam
660 3210 855 3268 Artedi
883 3211 1019 3288 apud
1044 3213 1234 3270 Sebam
1267 3212 1422 3283 vidit,
1469 3216 1761 3292 imaginem
1787 3207 1961 3270 videre

99 3296 248 3356 estin
277 3299 410 3354 Sebce
443 3295 566 3374 thes
601 3299 690 3355 ΠΙ.
718 3296 817 3355 tab.
845 3316 941 3367 24.
969 3294 1062 3374 fig.
1094 3316 1147 3373 3.

259 3383 370 3457 (k)
421 3401 514 3440 10.
561 3377 851 3451 Ostraeion,
896 3383 1184 3458 triquetem
1236 3383 1506 3462 trigonus,
1550 3383 1799 3439 mutiens,
1886 3375 1962 3444 L.

103 3464 159 3525 S.
191 3465 268 3528 N.
304 3484 443 3542 407.
1682 3463 1962 3522 Ostracion
