2307 3788
122 321 130 327 ,
170 237 740 333 Malacopterygii.
1284 228 1664 326 Gymnotm.
1762 231 1901 326 167

705 402 1250 455 Annia-Amastrum.

216 489 391 567 Caput
432 478 684 549 crassum,
732 482 884 538 breve
923 484 976 537 ὅ(
1013 476 1258 536 obtusum
1295 474 1651 557 squamosum.
1745 481 1902 540 Oculi

45 573 230 642 magni
290 567 484 648 pupilla
538 585 712 624 aurea.
798 557 1078 618 Orificinm
1125 561 1404 641 parvulum
1448 560 1706 640 priorsum
1752 562 1903 642 supra

42 637 325 733 utrti'mque
347 647 584 712 oculum,
670 643 891 707 Maxilla
910 643 1095 725 supera
1123 666 1223 703 una
1259 640 1382 702 serie
1405 642 1794 717 denticulorum
1819 667 1907 704 ra-

41 754 227 795 rorum
252 740 306 792 in
329 732 498 789 limbo
522 746 749 798 armata,
791 733 1056 807 &margo
1093 727 1245 807 palati
1282 729 1574 786 minoribus
1608 735 1661 788 ὅ(
1697 728 1904 787 densio-

40 821 182 878 ribus
206 814 445 895 obsepta3
492 812 698 870 maxilla
731 831 858 869 vero
893 808 1053 867 infera
1086 816 1139 866 in
1174 811 1341 867 limbo
1376 814 1596 883 majores
1631 804 1905 870 distantio-

40 924 152 970 res,
190 906 242 959 ἀ
270 897 490 979 posthoc
511 893 694 954 seriem
719 899 992 951 minorum
1019 899 1071 952 ὅ(
1106 892 1410 951 denfiorum
1447 900 1703 957 continet.
1789 898 1902 953 Du·

39 986 160 1065 plex
184 983 380 1040 lamina
403 985 644 1061 proxime
666 976 756 1037 sub
779 977 944 1036 oculis
979 983 1033 1035 ὃς
1056 975 1168 1034 duae
1192 995 1351 1033 acutae
1378 982 1508 1034 acies
1545 977 1901 1056 longitndina-

38 1068 115 1126 les
140 1073 194 1123 in
225 1082 450 1145 utroque
471 1062 626 1120 latere
660 1060 884 1119 maxillae
918 1058 1095 1119 inferae
1123 1057 1238 1118 sunt
1260 1057 1474 1120 serratae.
1561 1062 1771 1140 Corpus
1798 1058 1903 1141 spi·

38 1153 316 1208 thamenm
342 1146 805 1223 cathetoplatenm,
848 1142 1146 1212 cribratum,
1191 1140 1471 1201 retrorsum
1506 1141 1905 1209 acinaciforme,

41 1238 271 1292 omnino
296 1229 781 1307 niicrolepidotnm.
813 1229 973 1284 Linea
998 1227 1217 1284 lateralis
1243 1224 1446 1283 stimma
1472 1223 1722 1289 subrec‘la.
1751 1233 1901 1285 Anus

39 1317 252 1396 gu'laris.
295 1315 470 1368 Pinnae
495 1312 781 1391 peciorales
814 1330 879 1387 13
911 1308 1061 1366 radiis
1086 1306 1323 1368 luffnltce.
1385 1305 1613 1366 Dorsalis
1637 1309 1751 1390 post
1779 1332 1897 1368 me-

40 1399 188 1455 dinm
211 1393 348 1453 dorsi
389 1394 502 1463 fita,
551 1394 723 1451 multo
757 1393 974 1471 longior
1003 1413 1165 1472 quam
1199 1392 1329 1460 lata,
1373 1413 1405 1463 7
1440 1391 1647 1454 radiata.
1735 1395 1900 1451 Pinna

38 1479 200 1538 analis
227 1500 255 1535 a
281 1477 492 1557 pensiore
525 1476 745 1534 oriunda
775 1493 895 1532 ante
930 1474 1200 1553 angustior
1229 1480 1282 1532 ὁὶ
1316 1473 1612 1539 carnosior,
1655 1493 1900 1534 caeterum

35 1562 243 1622 linearis
281 1561 413 1618 ultra
447 1564 652 1639 apicem
698 1557 872 1616 caudae
907 1561 982 1614 uti
1028 1557 1106 1614 ala
1151 1556 1443 1615 extenditur
1474 1565 1528 1617 ὃ(
1568 1564 1681 1617 116
1726 1557 1900 1616 radios

35 1650 289 1705 continet.
394 1643 564 1699 Color
598 1638 744 1721 piscis
769 1646 868 1698 vivi
898 1657 1206 1721 argenteum
1229 1645 1285 1698 in
1310 1661 1531 1699 aureum
1553 1662 1774 1722 vergens
1796 1636 1901 1700 effe

36 1727 264 1801 videtur3
322 1731 377 1785 in
410 1723 568 1783 dorso
594 1731 648 1784 &
671 1729 846 1804 pinnis
866 1742 1047 1782 antem
1073 1721 1411 1786 cinerescenS.

231 1833 286 1886 9.
354 1812 735 1872 GYMNOTUS,
798 1811 1058 1887 asiaticus,
1118 1804 1423 1887 squamosus
1459 1803 1614 1865 dorso
1658 1809 1900 1887 pitinate,

39 1897 113 1961 L.
136 1898 190 1958 S.
215 1895 294 1953 N.
321 1905 461 1965 428.
505 1894 587 1951 ΒΓ.
618 1911 665 1966 5.
693 1894 765 1953 D.
787 1897 883 1962 46.
911 1894 964 1950 P.
999 1911 1090 1964 14.
1113 1893 1181 1951 V.
1207 1913 1262 1949 ο.
1291 1894 1356 1954 Α.
1383 1903 1476 1960 28.
1509 1892 1575 1952 C.
1604 1898 1698 1953 16.

207 1974 359 2035 Piscis
392 1975 510 2054 plus
544 1996 706 2055 quam
739 1971 1086 2054 spithameuS,
1161 1971 1547 2038 craffiusculus,
1611 1969 1695 2031 sed
1729 1972 1897 2031 tectus

36 2059 263 2143 squamis
296 2059 535 2126 laevibus,
603 2054 921 2127 rotundatiS,
988 2055 1267 2127 distinctis,
1327 2062 1484 2115 etiam
1529 2054 1682 2135 supra
1724 2070 1899 2136 caput,

37 2150 123 2204 cui
168 2144 362 2225 puncia
401 2161 431 2216 5
472 2156 739 2209 excavata,
812 2145 886 2199 uti
940 2144 1098 2199 etiam
1153 2145 1210 2198 in
1264 2140 1487 2196 maxillis
1542 2137 1895 2197 inferioribus,

36 2232 186 2287 Anus
214 2232 268 2283 in
302 2224 482 2283 medio
516 2227 770 2303 corporis,
854 2225 1015 2282 Linea
1049 2222 1269 2281 lateralis
1305 2223 1529 2291 elevata,
1579 2223 1747 2287 ret‘fia,
1808 2217 1896 2277 sed

36 2308 351 2369 descendens
381 2304 526 2379 snpra
553 2328 737 2366 anum.
824 2306 994 2364 Color
1026 2303 1271 2364 obscurus
1304 2303 1469 2363 fasciis
1502 2303 1672 2363 fulcis.
1754 2307 1896 2361 Pun-

37 2395 117 2452 &a
142 2392 252 2450 alba
284 2396 339 2449 in
370 2395 529 2469 pinna
565 2386 750 2447 dorsali
787 2396 841 2449 ὃς
876 2388 1072 2470 postica
1108 2406 1251 2470 parte
1282 2393 1531 2468 corporis.
1617 2389 1702 2446 Ob
1738 2408 1899 2467 oper-

39 2475 155 2534 cula
187 2473 456 2532 lateraliter
487 2472 692 2553 ampla,
754 2471 1064 2553 aperienda,
1115 2479 1170 2531 6<
1205 2474 1274 2530 ob
1306 2469 1547 2552 squamas
1582 2476 1762 2551 nequit
1797 2466 1899 2529 effe

38 2559 303 2619 Muraena.
386 2558 549 2612 Pinna
575 2552 785 2614 dorsalis
809 2561 987 2636 incipit
1016 2577 1158 2636 pone
1194 2573 1349 2636 capnt
1380 2561 1435 2614 ὃς
1467 2556 1760 2614 extenditur
1791 2553 1901 2612 lere

38 2638 103 2697 ad
138 2637 380 2702 caudam.
475 2640 647 2717 Caput
676 2635 1003 2717 depressum,
1063 2636 1439 2699 laevinscnlnm.
1525 2640 1822 2697 Tentacula
1860 2659 1894 2696 2

37 2737 301 2788 truncata,
355 2735 474 2778 ante
513 2740 659 2777 nares
691 2720 870 2799 polita,
954 2723 1270 2780 Membrana
1308 2723 1523 2781 branch.
1589 2742 1639 2795 5.
1684 2725 1896 2800 Corpus

35 2802 479 2879 subcylindricum
524 2800 718 2881 postice
761 2801 1139 2882 compreffum.
1236 2807 1399 2862 Pinna
1439 2803 1574 2862 dorsi
1611 2825 1741 2861 mox
1777 2802 1896 2883 post

38 2890 271 2946 micham=
307 2889 576 2964 incipiens,
673 2887 1075 2944 Foraminnlnm
1111 2893 1164 2944 in
1193 2885 1386 2946 fronte.
1469 2889 1701 2967 Lingua,
1732 2887 1890 2947 laevis.

36 2972 239 3029 Dentes
265 2966 456 3026 acerofi
481 2973 534 3023 in
557 2967 778 3025 maxillis
812 2975 865 3026 &
899 2967 1104 3049 insuper
1136 2974 1190 3026 in
1227 2968 1434 3027 maxilla
1466 2966 1732 3049 superiore
1759 2970 1893 3030 ordo

37 3051 275 3113 dentium
303 3056 432 3108 intra
456 3049 741 3108 maxillam.
828 3051 1043 3108 Habitat
1064 3057 1117 3107 in
1145 3052 1278 3109 Afia.

205 3133 519 3215 Ostindzsche
544 3133 902 3213 Bloot-Rug.
946 3135 1268 3213 Houttuyni.
1293 3157 1345 3195 n.
1369 3135 1416 3193 h.
1439 3137 1477 3196 Ι.
1500 3137 1555 3197 Ρ.
1581 3155 1634 3218 7.
1667 3158 1722 3218 p.
1753 3155 1890 3199 1100

936 3298 980 3310 ὑ

544 3308 1373 3355 =·—-..—.--.....Q).(e=—-==

1529 3475 1774 3543 ORDO
1818 3479 1893 3545 ΙΙ.
