2307 3788
330 228 360 276 1
374 226 418 280 2
556 202 647 275 M
642 197 1128 295 alacopterygii.
1625 292 1638 302 ⁴
1837 198 2098 275 Cohiti's.

410 362 1054 443 MffgurnfiuFisgurn,
1093 357 1245 437 piscis
1271 357 1757 438 Lampetrz'jormis,
1803 359 2195 444 Norimbergab

412 452 489 513 θ’
511 436 828 507 Ratisbonoe.
880 446 966 506 W
962 447 1026 503 ill.
1049 465 1104 520 p.
1137 466 1151 502 1
1176 463 1195 501 1
1214 451 1266 512 8.
1295 444 1435 524 Ray.
1462 466 1513 521 p.
1542 468 1635 526 70.
2152 451 2162 461 '

411 535 574 597 Cirri
602 551 667 593 10
694 528 791 592 vel
816 529 1011 609 plures
1036 526 1106 588 ad
1135 547 1225 589 os.

407 619 612 680 Pinnae
649 611 904 675 dorsales
941 609 1329 675 officulorum
1364 627 1422 693 7.
1456 610 1792 675 Pestorales
1834 631 1910 675 11.
1941 612 2195 679 Ventra·

405 703 490 764 les
518 720 568 777 5.
595 698 723 760 Ani
752 714 809 775 7.

391 787 450 864 f.
504 780 759 846 Mustela
794 774 1000 842 foffilis
1030 778 1108 838 Ge
1136 785 1247 840 neri
1272 780 1331 844 δε
1354 783 1593 843 aliorum.

1892 867 2017 925 III.
2067 861 2198 922 CY-

992 1044 1543 1102 ADDITAMENTUM.

488 1127 700 1204 Corpus
730 1121 1063 1202 oblongum,
1107 1128 1266 1180 trium
1296 1129 1496 1183 circiter
1524 1127 1801 1183 unciarum
1839 1121 2197 1203 longitudine.

326 1210 501 1290 Caput
524 1215 577 1268 ὅ(
600 1206 748 1264 frons
773 1204 943 1284 plana,
987 1205 1422 1286 macrolepidota.
1479 1211 1555 1266 Os
1579 1207 1765 1273 latum,
1808 1206 2082 1265 denticulis
2117 1226 2198 1263 ar.

325 1309 554 1357 matum.
642 1288 903 1370 Opercula
937 1286 1241 1369 squamosa,
1303 1295 1520 1372 integra.
1608 1288 1847 1350 Dorsum
1880 1312 2045 1370 usque
2080 1294 2198 1369 pin-

326 1399 453 1435 nam
479 1370 896 1456 planiusculum,
943 1394 1087 1452 pone
1112 1371 1257 1431 illam
1282 1380 1592 1433 carinatum.
1648 1379 1892 1454 Squama:
1918 1371 2056 1432 dorsi
2082 1395 2196 1430 ma-

326 1481 473 1540 gnae,
516 1455 815 1515 abdominis
840 1475 1023 1534 parvae.
1068 1458 1123 1514 Ρ.
1149 1458 1219 1516 D.
1254 1456 1493 1537 oppofita
1531 1463 1702 1536 pinnae
1743 1463 1846 1516 ani.
1902 1460 1957 1515 P.
1984 1459 2047 1512 V.
2089 1478 2196 1515 ano

325 1547 523 1601 vicinae.
561 1544 616 1601 P.
651 1543 718 1603 C.
752 1537 1046 1598 rotundata.
1094 1538 1264 1597 Color
1295 1539 1431 1598 dorfi
1467 1539 1711 1621 subniger
1745 1550 1800 1598 in
1837 1539 2058 1597 viridem
2093 1544 2197 1598 mi-

324 1644 513 1708 grans;
558 1621 854 1681 abdominis
876 1619 1096 1683 albidus.
1146 1625 1197 1686 Ρ.
1227 1625 1296 1685 D.
1330 1629 1383 1683 ὅ(
1426 1629 1487 1685 A.
1523 1630 1576 1683 ὅ(
1617 1629 1682 1686 C.
1719 1624 1839 1681 albo
1874 1624 2082 1703 pundiae
2116 1628 2197 1680 ni.

323 1713 543 1788 gricant.
630 1711 691 1763 In
723 1704 1036 1786 quibusdam
1073 1705 1223 1784 gula,
1278 1714 1630 1768 extremitates
1668 1713 1954 1787 pinnarum
1990 1724 2198 1766 ventra-

325 1792 460 1848 linm
487 1809 535 1850 et
560 1793 643 1849 ani
672 1786 884 1847 flavent.
971 1785 1153 1845 Fasciae
1178 1789 1305 1847 albae
1339 1807 1551 1861 tenues,
1596 1797 1852 1857 nitente8‚
1906 1811 1976 1849 10
2011 1791 2074 1849 ad
2119 1812 2199 1864 14

322 1897 351 1933 a
374 1872 533 1932 dorso
559 1874 620 1932 ad
644 1889 882 1930 ventrem
907 1871 1237 1931 transversim
1265 1879 1563 1937 incurrunt.
1626 1876 1842 1934 Habitat
1866 1880 1923 1934 in
1948 1878 2197 1934 America

320 1956 730 2040 septentrionali.

1092 2039 1162 2098 V
1153 2063 1182 2096 a
1198 2043 1258 2097 ri
1271 2052 1430 2102 etas.

492 2152 551 2189 x.
608 2124 714 2182 The
740 2122 968 2202 Killfish.
1013 2124 1247 2199 Sclzoepfiz'
1273 2124 1308 2186 l.
1335 2149 1380 2186 c.
1411 2147 1528 2205 pag.
1566 2148 1696 2199 172.

490 2205 643 2266 Piscis
669 2211 752 2265 hic
779 2213 938 2286 priori
964 2212 1016 2264 in
1041 2207 1284 2287 plurimis
1327 2209 1552 2286 partibus
1592 2209 1868 2290 persimilis
1906 2217 1960 2272 &
1996 2212 2192 2274 eodem

323 2312 557 2350 numero
583 2291 850 2348 radiorum
890 2295 1176 2370 pinnarum
1216 2291 1457 2369 praeditus
1493 2292 1584 2355 esi.
1670 2291 1865 2352 Differt
1898 2314 2099 2355 tantum
2134 2303 2192 2356 in

321 2372 685 2453 sequentibus}
734 2376 976 2453 Squamae
997 2371 1107 2432 fere
1144 2373 1506 2433 rhomboideae
1536 2373 1653 2434 sunt
1688 2377 1866 2458 quales
1898 2385 2044 2459 prior
2077 2402 2192 2439 non

323 2459 497 2518 habet.
582 2456 753 2514 Color
776 2454 914 2514 dorsi
939 2479 966 2514 e
993 2461 1205 2514 cinereo
1238 2457 1501 2521 viridatur.
1600 2461 1885 2519 Abdomen
1918 2469 2087 2543 magis
2117 2463 2192 2520 al-

322 2541 428 2598 bet.
506 2543 684 2597 Pinnae
721 2544 931 2618 corpori
968 2539 1276 2597 concolores
1318 2542 1538 2599 maculis
1571 2561 1765 2601 carent.
1848 2542 2030 2603 Fascia:
2062 2546 2192 2604 alba:

322 2626 508 2703 prioris
535 2620 680 2703 piscis
706 2627 759 2679 in
788 2626 891 2680 hoc
914 2628 996 2678 vix
1019 2640 1106 2679 aut
1127 2628 1356 2680 omnino
1382 2646 1492 2681 non
1520 2623 1940 2704 conspiciuntur,
1986 2648 2036 2688 et
2059 2626 2193 2711 saepe

323 2707 445 2764 loco
471 2706 674 2764 illarum
703 2707 895 2784 pund'ta
931 2705 1187 2762 nonnulla
1215 2704 1412 2763 adsunt.
1498 2709 1804 2786 Longitudo
1843 2732 1875 2768 2
1911 2711 1974 2770 ad
2012 2735 2054 2786 4
2082 2736 2190 2771 un-

320 2794 420 2846 cias
446 2795 498 2848 &
525 2787 843 2870 quandoque
880 2786 995 2867 plus
1033 2787 1225 2868 explet.
1323 2790 1540 2849 Habitat
1574 2791 1771 2851 ibidem
1806 2798 1913 2852 tam
1948 2799 2005 2854 in
2035 2802 2189 2877 aquis

321 2871 589 2947 dulcibm,
647 2867 982 2952 quamsalfis.

489 2969 539 3025 8.
584 2958 865 3022 Convrm,
911 2956 1146 3034 712137'17'2‘2‘5,
1180 2960 1333 3038 nigro
1371 2961 1426 3015 in
1459 2957 1852 3039 longitudinem
1886 2975 1938 3018 et
1969 2959 2033 3019 ad
2063 2982 2185 3021 cau-

322 3033 444 3093 dam
473 3037 801 3095 transverfim
839 3038 1077 3096 lineatus,
1137 3041 1234 3099 W.

497 3121 604 3177 Tr'ze
626 3121 886 3198 Mannfislz.
913 3124 1084 3197 Sclzoep
1106 3127 1161 3182 ,ιζ
1195 3122 1231 3186 l.
1257 3144 1301 3182 c.
1337 3143 1390 3202 p.
1427 3142 1556 3201 ¹73·
1582 3124 1664 3181 ΒΓ,
1694 3141 1746 3198 ς.
1771 3125 1842 3189 Ι).
1875 3146 1967 3200 14.
2005 3128 2055 3193 P,
2090 3148 2185 3210 ις.

323 3201 393 3263 V.
421 3209 477 3267 6.
506 3207 566 3266 A.
597 3226 649 3279 9.
676 3203 738 3261 ad
775 3227 859 3264 11.
885 3207 950 3263 C.
981 3226 1071 3266 20.
1099 3206 1161 3264 ad
1188 3229 1285 3279 24.

489 3289 700 3367 Corpus
726 3287 1056 3367 oblongum,
1099 3287 1254 3348 dorso
1290 3284 1642 3366 planiuscnlo,
1698 3284 1913 3349 saturate
1947 3289 2093 3348 viridi
2125 3295 2182 3351 ὃ(

318 3367 603 3428 abdomine
627 3369 767 3434 albe.
825 3373 999 3450 Caput
1021 3372 1252 3444 declive,
1296 3368 1682 3450 planiusculum
1719 3375 2004 3449 majoribus
2030 3372 2182 3454 squa-

319 3473 322 3477 '
2074 3479 2181 3519 mis
